@misc{alex2018horovod,
    title={Horovod: fast and easy distributed deep learning in TensorFlow},
    author={Alexander Sergeev and Mike Del Balso},
    year={2018},
    eprint={1802.05799},
    archivePrefix={arXiv},
    primaryClass={cs.LG}
}

@misc{konen2016federated,
    title={Federated Learning: Strategies for Improving Communication Efficiency},
    author={Jakub Konečný and H. Brendan McMahan and Felix X. Yu and Peter Richtárik and Ananda Theertha Suresh and Dave Bacon},
    year={2016},
    eprint={1610.05492},
    archivePrefix={arXiv},
    primaryClass={cs.LG}
}

@misc{lin2017deep,
    title={Deep Gradient Compression: Reducing the Communication Bandwidth for Distributed Training},
    author={Yujun Lin and Song Han and Huizi Mao and Yu Wang and William J. Dally},
    year={2017},
    eprint={1712.01887},
    archivePrefix={arXiv},
    primaryClass={cs.CV}
}

@misc{luo2018optimizing,
    title={Optimizing Bloom Filter: Challenges, Solutions, and Comparisons},
    author={Lailong Luo and Deke Guo and Richard T. B. Ma and Ori Rottenstreich and Xueshan Luo},
    year={2018},
    eprint={1804.04777},
    archivePrefix={arXiv},
    primaryClass={cs.DS}
}

@ARTICLE{5751342,
  author={S. {Tarkoma} and C. E. {Rothenberg} and E. {Lagerspetz}},
  journal={IEEE Communications Surveys   Tutorials}, 
  title={Theory and Practice of Bloom Filters for Distributed Systems}, 
  year={2012},
  volume={14},
  number={1},
  pages={131-155},}
  

@INPROCEEDINGS{8486415,
  author={S. Z. {Kiss} and É. {Hosszu} and J. {Tapolcai} and L. {Rónyai} and O. {Rottenstreich}},
  booktitle={IEEE INFOCOM 2018 - IEEE Conference on Computer Communications}, 
  title={Bloom Filter with a False Positive Free Zone}, 
  year={2018},
  volume={},
  number={},
  pages={1412-1420},}

@article{rle,
author = {Rani, Mamta and Singh, Vikram},
year = {2016},
month = {01},
pages = {1741-1744},
title = {A SURVEY ON LOSSLESS TEXT DATA COMPRESSION TECHNIQUES},
volume = {5},
journal = {International Journal of Advanced Research in Computer Engineering & Technology}
}

@article{tf-benchmark,
title = {https://github.com/tensorflow/benchmarks}
}

@misc{he2015deep,
    title={Deep Residual Learning for Image Recognition},
    author={Kaiming He and Xiangyu Zhang and Shaoqing Ren and Jian Sun},
    year={2015},
    eprint={1512.03385},
    archivePrefix={arXiv},
    primaryClass={cs.CV}
}

@misc{simonyan2014deep,
    title={Very Deep Convolutional Networks for Large-Scale Image Recognition},
    author={Karen Simonyan and Andrew Zisserman},
    year={2014},
    eprint={1409.1556},
    archivePrefix={arXiv},
    primaryClass={cs.CV}
}

@misc{huang2016densely,
    title={Densely Connected Convolutional Networks},
    author={Gao Huang and Zhuang Liu and Laurens van der Maaten and Kilian Q. Weinberger},
    year={2016},
    eprint={1608.06993},
    archivePrefix={arXiv},
    primaryClass={cs.CV}
}

@article{cifar,
title = {https://www.cs.toronto.edu/~kriz/cifar.html}
}

@MISC{10754/662495,
	year = {2020},
	author = {Xu, Hang and Ho, Chen-Yu and Abdelmoniem, Ahmed M. and Dutta, Aritra and Bergou, El Houcine and Karatsenidis, Konstantinos and Canini, Marco and Kalnis, Panos},
	title = {Compressed Communication for Distributed Deep Learning: Survey and Quantitative Evaluation},
	url = {http://hdl.handle.net/10754/662495}
	
@article{Aji_2017,
   title={Sparse Communication for Distributed Gradient Descent},
   url={http://dx.doi.org/10.18653/v1/D17-1045},
   DOI={10.18653/v1/d17-1045},
   journal={Proceedings of the 2017 Conference on Empirical Methods in Natural
          Language Processing},
   publisher={Association for Computational Linguistics},
   author={Aji, Alham Fikri and Heafield, Kenneth},
   year={2017}
}

@misc{stich2018sparsified,
    title={Sparsified SGD with Memory},
    author={Sebastian U. Stich and Jean-Baptiste Cordonnier and Martin Jaggi},
    year={2018},
    eprint={1809.07599},
    archivePrefix={arXiv},
    primaryClass={cs.LG}
}

@article{robbins1951,
author = "Robbins, Herbert and Monro, Sutton",
doi = "10.1214/aoms/1177729586",
fjournal = "Annals of Mathematical Statistics",
journal = "Ann. Math. Statist.",
month = "09",
number = "3",
pages = "400--407",
publisher = "The Institute of Mathematical Statistics",
title = "A Stochastic Approximation Method",
url = "https://doi.org/10.1214/aoms/1177729586",
volume = "22",
year = "1951"
}

@misc{alistarh2018convergence,
    title={The Convergence of Sparsified Gradient Methods},
    author={Dan Alistarh and Torsten Hoefler and Mikael Johansson and Sarit Khirirat and Nikola Konstantinov and Cédric Renggli},
    year={2018},
    eprint={1809.10505},
    archivePrefix={arXiv},
    primaryClass={cs.LG}
}
